
@article{Lowe1977,
	title = {An approximating polynomial for the computation of saturation vapor pressure},
	volume = {16},
	number = {1},
	journal = {Journal of Applied Meteorology},
	author = {Lowe, Paul R.},
	year = {1977},
	pages = {100--103}
}

@article{Murray1967,
	title = {On the {Computation} of {Saturation} {Vapor} {Pressure}},
	volume = {6},
	issn = {0021-8952},
	url = {https://www.jstor.org/stable/26173237},
	number = {1},
	urldate = {2020-07-29},
	journal = {Journal of Applied Meteorology (1962-1982)},
	author = {Murray, F. W.},
	year = {1967},
	note = {Publisher: American Meteorological Society},
	pages = {203--204}
}
